<record><leader>00000cas a2200000 a 4500</leader><controlfield tag="001">8789930</controlfield><controlfield tag="008">820920d18591864couwr ne      0    0eng  </controlfield><datafield ind1=" " ind2=" " tag="010"><subfield code="a">sn 82014497 </subfield></datafield><datafield ind1=" " ind2=" " tag="040"><subfield code="a">DLC</subfield><subfield code="b">eng</subfield><subfield code="c">DLC</subfield><subfield code="d">NPX</subfield><subfield code="d">NPT</subfield><subfield code="d">UNP</subfield><subfield code="d">NJW</subfield><subfield code="d">CNQ</subfield><subfield code="d">YOX</subfield><subfield code="d">CNQ</subfield><subfield code="d">CRL</subfield><subfield code="d">CNK</subfield><subfield code="d">NVK</subfield><subfield code="d">NVG</subfield><subfield code="d">OCL</subfield><subfield code="d">DLC</subfield><subfield code="d">OCLCQ</subfield><subfield code="d">CUS</subfield><subfield code="d">KRTAS</subfield><subfield code="d">DLC</subfield><subfield code="d">CUI</subfield><subfield code="d">OCLCQ</subfield><subfield code="d">OCLCF</subfield></datafield><datafield ind1="1" ind2=" " tag="029"><subfield code="a">AU@</subfield><subfield code="b">000020237479</subfield></datafield><datafield ind1=" " ind2=" " tag="042"><subfield code="a">pcc</subfield></datafield><datafield ind1=" " ind2=" " tag="043"><subfield code="a">n-us-co</subfield></datafield><datafield ind1="0" ind2="0" tag="050"><subfield code="a">Newspaper</subfield></datafield><datafield ind1="1" ind2="4" tag="050"><subfield code="a">F784.D4</subfield><subfield code="b">R63</subfield></datafield><datafield ind1=" " ind2="4" tag="050"><subfield code="a">AN</subfield></datafield><datafield ind1="0" ind2=" " tag="130"><subfield code="a">Rocky Mountain news (Cherry Creek, Kan. : 1859)</subfield></datafield><datafield ind1="1" ind2="0" tag="245"><subfield code="a">Rocky Mountain news.</subfield></datafield><datafield ind1=" " ind2=" " tag="260"><subfield code="a">Cherry Creek, Kan. Terr. [Denver, Colo.] :</subfield><subfield code="b">W.N. Byers &amp; Co.,</subfield><subfield code="c">1859-1864.</subfield></datafield><datafield ind1=" " ind2=" " tag="300"><subfield code="a">6 v.</subfield></datafield><datafield ind1=" " ind2=" " tag="310"><subfield code="a">Weekly</subfield></datafield><datafield ind1=" " ind2=" " tag="321"><subfield code="a">Irregular,</subfield><subfield code="b">Apr.-July 1859</subfield></datafield><datafield ind1="0" ind2=" " tag="362"><subfield code="a">Vol. 1, no. 1 (Apr. 23, 1859)-v. 6, no. 5 (May 18, 1864).</subfield></datafield><datafield ind1=" " ind2=" " tag="500"><subfield code="a">Published in Cherry Creek, Kan. Terr., Apr.-July 1859; in Auraria, Kan. Terr., Aug. 6-13, 1859; in Auraria and Denver, Kan. Terr., Aug. 20-Nov. 3, 1859; in Auraria and Denver, Jefferson, Nov. 10, 1859-Apr. 4, 1860; in Denver, Jefferson, Apr. 11, 1860-Mar. 6, 1861; in Denver, Colo. Terr., Mar. 13, 1861-1864.</subfield></datafield><datafield ind1=" " ind2=" " tag="500"><subfield code="a">Publishers: News Printing Co., 1860-1864; Byers &amp; Dailey, 1864.</subfield></datafield><datafield ind1=" " ind2=" " tag="515"><subfield code="a">Not published Sept. 5, 1860 and July 10, 1861.</subfield></datafield><datafield ind1=" " ind2=" " tag="515"><subfield code="a">Omitted in numbering: v. 1, nos. 33, 38, 43, 47; v. 2, no. 42; v. 3, no. 51.</subfield></datafield><datafield ind1=" " ind2=" " tag="525"><subfield code="a">Supplement June 11, 1859, called Rocky Mountain News extra--Greeley's report; extra also issued Feb. 3, 1860.</subfield></datafield><datafield ind1=" " ind2=" " tag="580"><subfield code="a">Daily ed.: Daily Rocky Mountain news.</subfield></datafield><datafield ind1=" " ind2=" " tag="580"><subfield code="a">Issued as weekly supplements: Denver bulletin, and: Denver weekly bulletin, &lt;May 1860&gt;.</subfield></datafield><datafield ind1=" " ind2="0" tag="651"><subfield code="a">Denver (Colo.)</subfield><subfield code="v">Newspapers.</subfield></datafield><datafield ind1=" " ind2="0" tag="651"><subfield code="a">Arapahoe County (Colo.)</subfield><subfield code="v">Newspapers.</subfield></datafield><datafield ind1=" " ind2="7" tag="655"><subfield code="a">Newspapers.</subfield><subfield code="2">fast</subfield><subfield code="0">(OCoLC)fst01423814</subfield></datafield><datafield ind1=" " ind2="7" tag="651"><subfield code="a">Colorado</subfield><subfield code="z">Arapahoe County.</subfield><subfield code="2">fast</subfield><subfield code="0">(OCoLC)fst01213030</subfield></datafield><datafield ind1=" " ind2="7" tag="651"><subfield code="a">Colorado</subfield><subfield code="z">Denver.</subfield><subfield code="2">fast</subfield><subfield code="0">(OCoLC)fst01205192</subfield></datafield><datafield ind1=" " ind2=" " tag="752"><subfield code="a">United States</subfield><subfield code="b">Colorado</subfield><subfield code="c">Denver</subfield><subfield code="d">Denver.</subfield></datafield><datafield ind1=" " ind2=" " tag="752"><subfield code="a">United States</subfield><subfield code="b">Colorado</subfield><subfield code="c">Arapahoe</subfield><subfield code="d">Denver.</subfield></datafield><datafield ind1="1" ind2=" " tag="770"><subfield code="t">Denver bulletin</subfield><subfield code="w">(DLC)sn 86091263</subfield><subfield code="w">(OCoLC)13417473</subfield></datafield><datafield ind1="1" ind2=" " tag="770"><subfield code="t">Denver weekly bulletin</subfield><subfield code="w">(DLC)sn 86091264</subfield><subfield code="w">(OCoLC)13417531</subfield></datafield><datafield ind1="1" ind2=" " tag="775"><subfield code="t">Daily Rocky Mountain news</subfield><subfield code="w">(DLC)sn 82014501</subfield><subfield code="w">(OCoLC)8789965</subfield></datafield><datafield ind1="1" ind2=" " tag="776"><subfield code="c">Microform</subfield><subfield code="d">Colorado Historical Society</subfield><subfield code="w">(DLC)sn 95073733</subfield><subfield code="w">(OCoLC)20559802</subfield></datafield><datafield ind1="0" ind2="8" tag="776"><subfield code="i">Online version:</subfield><subfield code="t">Rocky Mountain news (Cherry Creek, Kan. : 1859 : Online)</subfield><subfield code="w">(OCoLC)192107513</subfield></datafield><datafield ind1="0" ind2="5" tag="780"><subfield code="t">Cherry Creek pioneer</subfield><subfield code="g">1859</subfield><subfield code="w">(DLC)sn 84022329</subfield><subfield code="w">(OCoLC)10347279</subfield></datafield><datafield ind1="0" ind2="5" tag="780"><subfield code="t">Denver weekly mountaineer</subfield><subfield code="g">1861</subfield><subfield code="w">(LC)sn 90051197</subfield><subfield code="w">(OCoLC)21142191</subfield></datafield><datafield ind1="0" ind2="0" tag="785"><subfield code="t">Weekly Rocky Mountain news</subfield><subfield code="w">(DLC)sn 82014494</subfield><subfield code="w">(OCoLC)8786860</subfield></datafield><datafield ind1=" " ind2=" " tag="938"><subfield code="a">Kirtas Technologies, Inc.</subfield><subfield code="b">KRTS</subfield><subfield code="n">735991</subfield></datafield></record>